@techreport{RFC7617_basic_auth,
  author = {J. Reschke},
  title = {The 'Basic' HTTP Authentication Scheme},
  howpublished = {Internet Requests for Comments},
  type = {RFC},
  number = {7617},
  year = {2015},
  month = {9}
}

@techreport{RFC7519_jwt_token,
  author = {M. Jones and J. Bradley and N. Sakimura},
  title = {JSON Web Token (JWT)},
  howpublished = {Internet Requests for Comments},
  type = {RFC},
  number = {7519},
  year = {2015},
  month = {5}
}


@techreport{RFC7235_http_authentication,
  author = {R. Fielding and J. Reschke},
  title = {Hypertext Transfer Protocol (HTTP/1.1): Authentication},
  howpublished = {Internet Requests for Comments},
  type = {RFC},
  number = {7235},
  year = {2014},
  month = {6}
}



@techreport{RFC6265_cookies,
  author = {A. Barth},
  title = {HTTP State Management Mechanism},
  howpublished = {Internet Requests for Comments},
  type = {RFC},
  number = {6265},
  year = {2011},
  month = {4}
}


@online{swaggerhub_doc_ui_searching,
  organization = {{Smartbear}},
  title = {SwaggerHub Documentation For Searching Documents},
  url = {https://app.swaggerhub.com/help/ui/searching},
}

@online{OpenAPI_spec_path_item_Object,
  organization = {{Smartbear}},
  title = {OpenAPI 3.0 specification, Section Path Item Object},
  url = {https://swagger.io/specification/?_ga=2.188531752.1882554254.1605818633-2140793719.1604267198\#path-item-object},
}
@online{OpenAPI_spec_operation_Object,
  organization = {{Smartbear}},
  title = {OpenAPI 3.0 specification, Section Operation Object},
  url = {https://swagger.io/specification/?_ga=2.188531752.1882554254.1605818633-2140793719.1604267198\#operation-object},
}
@online{OpenAPI_spec_specification_extentions,
  organization = {{Smartbear}},
  title = {OpenAPI 3.0 specification, Section Specification Extensions},
  url = {https://swagger.io/specification/?_ga=2.188531752.1882554254.1605818633-2140793719.1604267198\#specification-extensions},
}

@online{OpenAPI_spec_authentication,
  organization = {{Smartbear}},
  title = {OpenAPI 3.0 specification, Section Authentication and Authorization},
  url = {https://swagger.io/docs/specification/authentication},
}

@techreport{RFC6750_bearer,
  author = {M. Jones and D. Hardt},
  title = {The OAuth 2.0 Authorization Framework: Bearer Token Usage},
  howpublished = {Internet Requests for Comments},
  type = {RFC},
  number = {6750},
  year = {2012},
  month = {10}
}

