@phdthesis{rest_phdthesis,
  author = {Fielding, Roy Thomas},
  school = {University of California, Irvine},
  title = {{REST:} Architectural Styles and the Design of Network-based Software
	Architectures},
  year = 2000
}
@BOOK{Bermbach_Cloud_Service_Benchmarking_2017,
	AUTHOR = {Bermbach, David AND Wittern, Erik AND Tai, Stefan},
	YEAR = {2017},
	TITLE = {Cloud Service Benchmarking - Measuring Quality of Cloud Services from a Client Perspective},
	PUBLISHER = {Springer}
}

@inproceedings{paper_grambow_benchmarking_microservices,
	title = {{Benchmarking Microservice Performance: A Pattern-based Approach}},
	booktitle = {Proceedings of the 35th ACM Symposium on Applied Computing (SAC 2020)},
	publisher = {ACM},
	author = {Martin Grambow and Lukas Meusel and Erik Wittern and David Bermbach}
}

@book{a_quarter_century_of_unix,
  author    = {Peter H. Salus},
  title     = {A quarter century of {UNIX}},
  publisher = {Addison-Wesley},
  year      = {1994}
}    

@online{AsyncAPI_industry_standard,
  author    = {Kristopher Sandoval},
  title     = {AsyncAPI: 2020â€™s Industry Standard For Messaging APIs?},
  year      = {2020},
  url       = {https://nordicapis.com/asyncapi-2020s-industry-standard-for-messaging-apis/}
}

@online{martin_fowler_microservices,
  author    = {Martin Fowler},
  title     = {Microservices - a definition of this new architectural term},
  year      = {2014},
  url       = {https://martinfowler.com/articles/microservices.html}
}

@online{martin_fowler_richardson_maturity_model,
  author    = {Martin Fowler},
  title     = {Richardson Maturity Model-Steps Toward The Glory Of REST},
  date      = {2013-03-18},
  url       = {https://martinfowler.com/articles/richardsonMaturityModel.html}
}

@online{Fielding_REST_APIs_must_be_hypertext_driven,
  author    = {Fielding, Roy Thomas},
  title     = {REST APIs Must Be Hypertext-driven},
  year      = {2008},
  url       = {https://roy.gbiv.com/untangled/2008/rest-apis-must-be-hypertext-driven}
}

@online{data_cleaning,
  author    = {Omar Elgabrys},
  title     = {The Ultimate Guide to Data Cleaning},
  year      = {2019},
  url       = {https://towardsdatascience.com/the-ultimate-guide-to-data-cleaning-3969843991d4}
}

@book{Enterprise_service_bus,
  author    = {David A. Chappell},
  title     = {Enterprise service bus - theory in practice},
  publisher = {O'Reilly},
  year      = {2004}
}

@article{central_limit_theorem,
author = {Islaqm, Mohammad},
year = {2018},
title = {Sample size and its role in Central Limit Theorem (CLT)},
journal ={Computational and Applied Mathematics Journal}
}


