@inproceedings{relWork:comparing_RabbitMQ_and_REST,
  author    = {Xian Jun Hong and
               Hyun Sik Yang and
               Young Han Kim},
  title     = {Performance Analysis of RESTful {API} and RabbitMQ for Microservice Web Application},
  booktitle = {International Conference on Information and Communication Technology
               Convergence, {ICTC} 2018, Jeju Island, Korea (South), October 17-19,
               2018},
  publisher = {{IEEE}}
}



@inproceedings{relWork:AyncAPI,
  author    = {Abel G{\'{o}}mez and
               Markel Iglesias{-}Urkia and
               Aitor Urbieta and
               Jordi Cabot},
  title     = {A model-based approach for developing event-driven architectures with
               AsyncAPI},
  publisher = {{ACM}},
  year      = {2020}

}

