
@inproceedings{relwork_Mendes_security,
  author    = {Naaliel Mendes and
               Henrique Madeira and
               Jo{\~{a}}o Dur{\~{a}}es},
  title     = {Security Benchmarks for Web Serving Systems},
  booktitle = {25th {IEEE} International Symposium on Software Reliability Engineering,
               {ISSRE} 2014, Naples, Italy, November 3-6, 2014},
  publisher = {{IEEE} Computer Society}
}

@inproceedings{deathStarBench,
  author    = {Yu Gan and
               Yanqi Zhang and
               Dailun Cheng and
               Ankitha Shetty and
               Priyal Rathi and
               Nayan Katarki and
               Ariana Bruno and
               Justin Hu and
               Brian Ritchken and
               Brendon Jackson and
               Kelvin Hu and
               Meghna Pancholi and
               Yuan He and
               Brett Clancy and
               Chris Colen and
               Fukang Wen and
               Catherine Leung and
               Siyuan Wang and
               Leon Zaruvinsky and
               Mateo Espinosa and
               Rick Lin and
               Zhongling Liu and
               Jake Padilla and
               Christina Delimitrou},
  title     = {An Open-Source Benchmark Suite for Microservices and Their Hardware-Software
               Implications for Cloud {\&} Edge Systems},
  booktitle = {Proceedings of the Twenty-Fourth International Conference on Architectural
               Support for Programming Languages and Operating Systems, {ASPLOS}
               2019, Providence, RI, USA, April 13-17, 2019},
  publisher = {{ACM}}
}

@article{bermbach_benchmarking_web_api_rev,
  author    = {David Bermbach and
               Erik Wittern},
  title     = {Benchmarking Web {API} Quality - Revisited},
  journal   = {CoRR},
  year      = {2019}
}

@inproceedings{bermbach_benchmarking_web_api,
  author    = {David Bermbach and
               Erik Wittern},
  title     = {Benchmarking Web {API} Quality},
  booktitle = {Web Engineering - 16th International Conference, {ICWE} 2016, Lugano,
               Switzerland, June 6-9, 2016. Proceedings},
  publisher = {Springer}
}

@inproceedings{relwork_Âµ-suite,
  author    = {Akshitha Sriraman and
               Thomas F. Wenisch},
  title     = {{\(\mu\)} Suite: {A} Benchmark Suite for Microservices},
  booktitle = {2018 {IEEE} International Symposium on Workload Characterization,
               {IISWC} 2018, Raleigh, NC, USA, September 30 - October 2, 2018},
  year      = {2018}
}

@inproceedings{openAPI_Monitoring_framework,
  author    = {Steven Bucaille and
               Javier Luis C{\'{a}}novas Izquierdo and
               Hamza Ed{-}Douibi and
               Jordi Cabot},
  title     = {An OpenAPI-Based Testing Framework to Monitor Non-functional Properties
               of {REST} APIs},
  booktitle = {Web Engineering - 20th International Conference, {ICWE} 2020, Helsinki,
               Finland, June 9-12, 2020, Proceedings},
  publisher = {Springer},
  year      = {2020}
}

@inproceedings{OpenAPI_testing_framework,
  author    = {Stefan Karlsson and
               Adnan Causevic and
               Daniel Sundmark},
  title     = {QuickREST: Property-based Test Generation of OpenAPI-Described RESTful
               APIs},
  booktitle = {13th {IEEE} International Conference on Software Testing, Validation
               and Verification, {ICST} 2020, Porto, Portugal, October 24-28, 2020},
  publisher = {{IEEE}},
  year      = {2020}
}

@online{otto_microservices,
title={Why Microservices?},
author={Guido Steinacker},
organization={OTTO},
url ={https://www.otto.de/jobs/technology/techblog/artikel/why-microservices_2016-03-20.php}

}