
%%%%% VM Benchmark %%%%%

@article{RelWor:VM_Varghese,
  author    = {Blesson Varghese and
               Lawan Thamsuhang Subba and
               Long Thai and
               Adam Barker},
  title     = {Container-Based Cloud Virtual Machine Benchmarking},
  journal   = {CoRR},
  year      = {2016}
}

@article{RelWor:VM_Kejiang,
  author    = {Kejiang Ye and
               Zhaohui Wu and
               Bing Bing Zhou and
               Xiaohong Jiang and
               Chen Wang and
               Albert Y. Zomaya},
  title     = {Virt-B: Towards Performance Benchmarking of Virtual Machine Systems},
  journal   = {{IEEE} Internet Comput.}
}

@inproceedings{RelWor:VM_Borhani,
  author    = {Amir Hossein Borhani and
               Philipp Leitner and
               Bu{-}Sung Lee and
               Xiaorong Li and
               Terence Hung},
  title     = {WPress: An Application-Driven Performance Benchmark for Cloud-Based
               Virtual Machines},
  booktitle = {18th {IEEE} International Enterprise Distributed Object Computing
               Conference, {EDOC} 2014, Ulm, Germany, September 1-5, 2014}
}

@inproceedings{RelWor:VM_Zaitsev,
  author    = {Dmitry Zaitsev and
               Piotr Luszczek},
  title     = {Docker container based PaaS cloud computing comprehensive benchmarks
               using {LAPACK}},
  booktitle = {Proceedings of The Third International Workshop on Computer Modeling
               and Intelligent Systems (CMIS-2020), Zaporizhzhia, Ukraine, April
               27-May 1, 2020}
}

@article{RelWor:VM_Carpio,
  author    = {Francisco Carpio and
               Marta Delgado and
               Admela Jukan},
  title     = {Engineering and Experimentally Benchmarking a Container-based Edge
               Computing System},
  year      = {2020}
}


@inproceedings{RelWor:VM_containerized_webapps,
  author    = {Devki Nandan Jha and
               Zhenyu Wen and
               Yinhao Li and
               Michael Nee and
               Maciej Koutny and
               Rajiv Ranjan},
  title     = {A Cost-Efficient Multi-cloud Orchestrator for Benchmarking Containerized
               Web-Applications},
  booktitle = {Web Information Systems Engineering - {WISE} 2019 - 20th International
               Conference, Hong Kong, China, November 26-30, 2019, Proceedings}
}
