%%%%%%%%%%%%%%%%%%%%%%%%%%%%%%%%%%%%%%%%%%%%%%%%%%%%%
%%%%%%%%%%%%%% NoSQL %%%%%%%%%%%%%%%%%%%%%%%%%%%%%%%%

@article{RelWor:DB_NDBench,
  author    = {Ioannis Papapanagiotou and
               Vinay Chella},
  title     = {NDBench: Benchmarking Microservices at Scale},
  journal   = {CoRR},
  year      = {2018}
}



%%%%%%%%%%%%%%%%%%%%%%%%%%%%%%%%%%%%%%%%%%%%%%%%%%%%
%%%%%%%%%%%%%% RDBMS %%%%%%%%%%%%%%%%%%%%%%%%%%%%%%%

@inproceedings{YCSB+T,
  author    = {Akon Dey and
               Alan D. Fekete and
               Raghunath Nambiar and
               Uwe R{\"{o}}hm},
  title     = {{YCSB+T:} Benchmarking web-scale transactional databases},
  booktitle = {Workshops Proceedings of the 30th International Conference on Data
               Engineering Workshops, {ICDE} 2014, Chicago, IL, USA, March 31 - April
               4, 2014}
}

@inproceedings{YCSB++,
  author    = {Swapnil Patil and
               Milo Polte and
               Kai Ren and
               Wittawat Tantisiriroj and
               Lin Xiao and
               Julio C{\'{e}}sar L{\'{o}}pez{-}Hern{\'{a}}ndez and
               Garth Gibson and
               Adam Fuchs and
               Billie Rinaldi},
  title     = {{YCSB++:} benchmarking and performance debugging advanced features
               in scalable table stores},
  booktitle = {{ACM} Symposium on Cloud Computing in conjunction with {SOSP} 2011,
               {SOCC} '11, Cascais, Portugal, October 26-28, 2011},

  publisher = {{ACM}}
}
%%%%%%%%%%%%%%%%%%%%%%%%%%%%%%%%%%%%%%%%%%%%%%%%%%%%
%%%%%%%%%%%%%% Cloud object storage %%%%%%%%%%%%%%%%

@inproceedings{RelWor:DB_COSBench,
  author    = {Qing Zheng and
               Haopeng Chen and
               Yaguang Wang and
               Jiangang Duan and
               Zhiteng Huang},
  title     = {COSBench: {A} Benchmark Tool for Cloud Object Storage Services},
  booktitle = {2012 {IEEE} Fifth International Conference on Cloud Computing, Honolulu,
               HI, USA, June 24-29, 2012}
}


@inproceedings{BenchFoundary,
  author    = {David Bermbach and
               J{\"{o}}rn Kuhlenkamp and
               Akon Dey and
               Arunmoezhi Ramachandran and
               Alan D. Fekete and
               Stefan Tai},
  title     = {BenchFoundry: {A} Benchmarking Framework for Cloud Storage Services},
  booktitle = {Service-Oriented Computing - 15th International Conference, {ICSOC}
               2017, Malaga, Spain, November 13-16, 2017, Proceedings}
}

@article{RelWork:OLTP,
  author    = {Djellel Eddine Difallah and
               Andrew Pavlo and
               Carlo Curino and
               Philippe Cudr{\'{e}}{-}Mauroux},
  title     = {OLTP-Bench: An Extensible Testbed for Benchmarking Relational Databases},
  journal   = {Proc. {VLDB} Endow.}
}

@inproceedings{RelWork:CloudDBFramework,
  author    = {Markus Klems and
               David Bermbach and
               Rene Weinert},
  title     = {A Runtime Quality Measurement Framework for Cloud Database Service
               Systems},
  booktitle = {8th International Conference on the Quality of Information and Communications
               Technology, {QUATIC} 2012, Lisbon, Portugal, 2-6 September 2012, Proceedings}
}
